@article{Zhou:2023vgv,
    author = {Zhou, Bo and Funaki, Yasuro and Horiuchi, Hisashi and Ma, Yu-Gang and R\"opke, Gerd and Schuck, Peter and Tohsaki, Akihiro and Yamada, Taiichi},
    title = "{The 5\ensuremath{\alpha} condensate state in $^{20}$Ne}",
    doi = "10.1038/s41467-023-43816-9",
    journal = "Nature Commun.",
    volume = "14",
    number = "1",
    pages = "8206",
    year = "2023"
}

@article{SINHA19751,
title = {The optical potential and nuclear structure},
journal = {Physics Reports},
volume = {20},
number = {1},
pages = {1-57},
year = {1975},
issn = {0370-1573},
doi = {https://doi.org/10.1016/0370-1573(75)90011-3},
url = {https://www.sciencedirect.com/science/article/pii/0370157375900113},
author = {Bikash Sinha}
}

@article{Satchler:1979ni,
    author = "Satchler, G. R. and Love, W. G.",
    title = "{Folding model potentials from realistic interactions for heavy-ion scattering}",
    doi = "10.1016/0370-1573(79)90081-4",
    journal = "Phys. Rept.",
    volume = "55",
    pages = "183--254",
    year = "1979"
}

@article{Rokash:2016tqh,
    author = "Rokash, Alexander and Epelbaum, Evgeny and Krebs, Hermann and Lee, Dean",
    title = "{Effective forces between quantum bound states}",
    eprint = "1612.08004",
    archivePrefix = "arXiv",
    primaryClass = "nucl-th",
    reportNumber = "NSF-KITP-16-188",
    doi = "10.1103/PhysRevLett.118.232502",
    journal = "Phys. Rev. Lett.",
    volume = "118",
    number = "23",
    pages = "232502",
    year = "2017"
}

@article{Kanada-Enyo:2020zzf,
    author = "Kanada-En'yo, Yoshiko and Lee, Dean",
    title = "{Effective interactions between nuclear clusters}",
    eprint = "2008.01867",
    archivePrefix = "arXiv",
    primaryClass = "nucl-th",
    reportNumber = "KUNS 2827",
    doi = "10.1103/PhysRevC.103.024318",
    journal = "Phys. Rev. C",
    volume = "103",
    number = "2",
    pages = "024318",
    year = "2021"
}



@article{Petrov_2004,
   title={Weakly Bound Dimers of Fermionic Atoms},
   volume={93},
   ISSN={1079-7114},
   url={http://dx.doi.org/10.1103/PhysRevLett.93.090404},
   DOI={10.1103/physrevlett.93.090404},
   number={9},
   journal={Physical Review Letters},
   publisher={American Physical Society (APS)},
   author={Petrov, D. S. and Salomon, C. and Shlyapnikov, G. V.},
   year={2004},
   month=aug }

@article{Deltuva_2022,
   title={Four-body system of 
<mml:math xmlns:mml="http://www.w3.org/1998/Math/MathML"><mml:mmultiscripts><mml:mi>He</mml:mi><mml:mprescripts /><mml:none /><mml:mn>4</mml:mn></mml:mmultiscripts></mml:math>
 atoms: Dimer-dimer scattering},
   volume={105},
   ISSN={2469-9934},
   url={http://dx.doi.org/10.1103/PhysRevA.105.043310},
   DOI={10.1103/physreva.105.043310},
   number={4},
   journal={Physical Review A},
   publisher={American Physical Society (APS)},
   author={Deltuva, A.},
   year={2022},
   month=apr }

@article{Deltuva:2017qgh,
    author = "Deltuva, A.",
    title = "{Universality in fermionic dimer-dimer scattering}",
    eprint = "1705.11158",
    archivePrefix = "arXiv",
    primaryClass = "cond-mat.quant-gas",
    doi = "10.1103/PhysRevA.96.022701",
    journal = "Phys. Rev. A",
    volume = "96",
    number = "2",
    pages = "022701",
    year = "2017"
}

@article{Deltuva:2011ur,
    author = "Deltuva, A.",
    title = "{Universality in bosonic dimer-dimer scattering}",
    eprint = "1107.3956",
    archivePrefix = "arXiv",
    primaryClass = "physics.atom-ph",
    doi = "10.1103/PhysRevA.84.022703",
    journal = "Phys. Rev. A",
    volume = "84",
    pages = "022703",
    year = "2011"
}

@article{Naidon_2016,
doi = {10.1088/0953-4075/49/3/034002},
url = {https://dx.doi.org/10.1088/0953-4075/49/3/034002},
year = {2016},
month = {jan},
publisher = {IOP Publishing},
volume = {49},
number = {3},
pages = {034002},
author = {Pascal Naidon and Shimpei Endo and Antonio M García-García},
title = {Scattering of universal fermionic clusters in the resonating group method},
journal = {Journal of Physics B: Atomic, Molecular and Optical Physics}
}

@article{Elhatisari_2017,
   title={Universal dimer–dimer scattering in lattice effective field theory},
   volume={768},
   ISSN={0370-2693},
   url={http://dx.doi.org/10.1016/j.physletb.2017.03.011},
   DOI={10.1016/j.physletb.2017.03.011},
   journal={Physics Letters B},
   publisher={Elsevier BV},
   author={Elhatisari, Serdar and Katterjohn, Kris and Lee, Dean and Meißner, Ulf-G. and Rupak, Gautam},
   year={2017},
   month=may, pages={337–344} }

@article{Schafer:2022hzo,
    author = {Sch\"afer, Martin and Bazak, Betzalel},
    title = "{Few-nucleon scattering in pionless effective field theory}",
    eprint = "2208.10960",
    archivePrefix = "arXiv",
    primaryClass = "nucl-th",
    doi = "10.1103/PhysRevC.107.064001",
    journal = "Phys. Rev. C",
    volume = "107",
    number = "6",
    pages = "064001",
    year = "2023"
}